@article{2013Numeric,
  title={Numeric atom-centered-orbital basis sets with valence-correlation consistency from H to Ar},
  author={ Zhang, Igor Ying  and  Ren, Xinguo  and  Rinke, Patrick  and  Blum, Volker  and  Scheffler, Matthias },
  journal={New Journal of Physics},
  volume={accepted},
  number={12},
  pages={4269-4275},
  year={2013},
}
